@online{titlepageimage,
  author  = {cleanpng},
  title   = {Deep learning maschinelles lernen, KÃ¼nstliche neuronale Netzwerk der informatik Convolutional neural network - Vernetzung},
  year    = {2020},
  url     = {https://de.cleanpng.com/png-s07s8u},
  urldate = {2020-11-17}
}

@book{nnfs,
  author  = {Harrison Kinsley, Daniel Kukiela},
  title   = {Neural Networks from Scratch (NNFS)},
  year    = {2020},
  url     = {https://nnfs.io},
  urldate = {2020-11-20}
}